@inproceedings{Kane:2011,
 author = {Kane, Shaun K. and Wobbrock, Jacob O. and Ladner, Richard E.},
 title = {Usable Gestures for Blind People: Understanding Preference and Performance},
 booktitle = {Proceedings of the SIGCHI Conference on Human Factors in Computing Systems},
 series = {CHI '11},
 year = {2011},
 isbn = {978-1-4503-0228-9},
 location = {Vancouver, BC, Canada},
 pages = {413--422},
 numpages = {10},
 url = {http://doi.acm.org/10.1145/1978942.1979001},
 doi = {10.1145/1978942.1979001},
 acmid = {1979001},
 publisher = {ACM},
 address = {New York, NY, USA},
 keywords = {accessibility, blind, gesture recognition, gestures, touch screens},
}

@inproceedings{Southern:2012,
 author = {Southern, Caleb and Clawson, James and Frey, Brian and Abowd, Gregory and Romero, Mario},
 title = {An Evaluation of BrailleTouch: Mobile Touchscreen Text Entry for the Visually Impaired},
 booktitle = {Proceedings of the 14th International Conference on Human-computer Interaction with Mobile Devices and Services},
 series = {MobileHCI '12},
 year = {2012},
 isbn = {978-1-4503-1105-2},
 location = {San Francisco, California, USA},
 pages = {317--326},
 numpages = {10},
 url = {http://doi.acm.org/10.1145/2371574.2371623},
 doi = {10.1145/2371574.2371623},
 acmid = {2371623},
 publisher = {ACM},
 address = {New York, NY, USA},
 keywords = {accessibility, blindness, chording, gestures, mobile devices, multi-touch interaction, text entry, touchscreens},
} 

@inproceedings{MacKenzie:2011,
 author = {MacKenzie, I. Scott and Soukoreff, R. William and Helga, Joanna},
 title = {1 Thumb, 4 Buttons, 20 Words Per Minute: Design and Evaluation of H4-writer},
 booktitle = {Proceedings of the 24th Annual ACM Symposium on User Interface Software and Technology},
 series = {UIST '11},
 year = {2011},
 isbn = {978-1-4503-0716-1},
 location = {Santa Barbara, California, USA},
 pages = {471--480},
 numpages = {10},
 url = {http://doi.acm.org/10.1145/2047196.2047258},
 doi = {10.1145/2047196.2047258},
 acmid = {2047258},
 publisher = {ACM},
 address = {New York, NY, USA},
 keywords = {Huffman coding, mobile text entry, small devices, text entry},
} 

@inproceedings{Goldberg:1993,
 author = {Goldberg, David and Richardson, Cate},
 title = {Touch-typing with a Stylus},
 booktitle = {Proceedings of the INTERACT '93 and CHI '93 Conference on Human Factors in Computing Systems},
 series = {CHI '93},
 year = {1993},
 isbn = {0-89791-575-5},
 location = {Amsterdam, The Netherlands},
 pages = {80--87},
 numpages = {8},
 url = {http://doi.acm.org/10.1145/169059.169093},
 doi = {10.1145/169059.169093},
 acmid = {169093},
 publisher = {ACM},
 address = {New York, NY, USA},
 keywords = {Stylus, electronic pen, handwriting, pen-based computing, printing, recognition, shorthand, text entry},
} 

@inproceedings{Ruamviboonsuk:2012,
 author = {Ruamviboonsuk, Vaspol and Azenkot, Shiri and Ladner, Richard E.},
 title = {Tapulator: A Non-visual Calculator Using Natural Prefix-free Codes},
 booktitle = {Proceedings of the 14th International ACM SIGACCESS Conference on Computers and Accessibility},
 series = {ASSETS '12},
 year = {2012},
 isbn = {978-1-4503-1321-6},
 location = {Boulder, Colorado, USA},
 pages = {221--222},
 numpages = {2},
 url = {http://doi.acm.org.offcampus.lib.washington.edu/10.1145/2384916.2384963},
 doi = {10.1145/2384916.2384963},
 acmid = {2384963},
 publisher = {ACM},
 address = {New York, NY, USA},
 keywords = {blind, calculator, low-vision, non-visual interface, number entry},
} 

@inproceedings{Azenkot:2013,
 author = {Azenkot, Shiri and Bennett, Cynthia L. and Ladner, Richard E.},
 title = {DigiTaps: Eyes-free Number Entry on Touchscreens with Minimal Audio Feedback},
 booktitle = {Proceedings of the 26th Annual ACM Symposium on User Interface Software and Technology},
 series = {UIST '13},
 year = {2013},
 isbn = {978-1-4503-2268-3},
 location = {St. Andrews, Scotland, United Kingdom},
 pages = {85--90},
 numpages = {6},
 url = {http://doi.acm.org.offcampus.lib.washington.edu/10.1145/2501988.2502056},
 doi = {10.1145/2501988.2502056},
 acmid = {2502056},
 publisher = {ACM},
 address = {New York, NY, USA},
 keywords = {blind, eyes-free text entry, mobile devices., touchscreen},
}

@article{huf52,
  added-at = {2009-01-14T00:43:43.000+0100},
  author = {Huffman, David A.},
  biburl = {http://www.bibsonomy.org/bibtex/2585b817b85d7278b868329672ddded96/dret},
  description = {dret'd bibliography},
  interhash = {d00a180c1c2e7851560c2d51e0fd8f92},
  intrahash = {585b817b85d7278b868329672ddded96},
  journal = {Proceedings of the Institute of Radio Engineers},
  keywords = {imported},
  month = {September},
  number = 9,
  pages = {1098-1101},
  timestamp = {2009-01-14T00:43:43.000+0100},
  title = {A Method for the Construction of Minimum-Redundancy Codes},
  uri = {http://compression.graphicon.ru/download/articles/huff/huffman_1952_minimum-redundancy-codes.pdf},
  volume = 40,
  year = 1952
}

@inproceedings{Azenkot:2012,
 author = {Azenkot, Shiri and Wobbrock, Jacob O. and Prasain, Sanjana and Ladner, Richard E.},
 title = {Input Finger Detection for Nonvisual Touch Screen Text Entry in Perkinput},
 booktitle = {Proceedings of Graphics Interface 2012},
 series = {GI '12},
 year = {2012},
 isbn = {978-1-4503-1420-6},
 location = {Toronto, Ontario, Canada},
 pages = {121--129},
 numpages = {9},
 url = {http://dl.acm.org/citation.cfm?id=2305276.2305297},
 acmid = {2305297},
 publisher = {Canadian Information Processing Society},
 address = {Toronto, Ont., Canada, Canada},
 keywords = {blind, mobile devices, text entry},
}

@inproceedings{Azenkot:2011,
 author = {Azenkot, Shiri and Prasain, Sanjana and Borning, Alan and Fortuna, Emily and Ladner, Richard E. and Wobbrock, Jacob O.},
 title = {Enhancing Independence and Safety for Blind and Deaf-blind Public Transit Riders},
 booktitle = {Proceedings of the SIGCHI Conference on Human Factors in Computing Systems},
 series = {CHI '11},
 year = {2011},
 isbn = {978-1-4503-0228-9},
 location = {Vancouver, BC, Canada},
 pages = {3247--3256},
 numpages = {10},
 url = {http://doi.acm.org/10.1145/1978942.1979424},
 doi = {10.1145/1978942.1979424},
 acmid = {1979424},
 publisher = {ACM},
 address = {New York, NY, USA},
 keywords = {accessibility, autonomy, blind, deaf-blind, public transit usability, safety, value sensitive design},
} 

@inproceedings{Henze:2011,
 author = {Henze, Niels and Rukzio, Enrico and Boll, Susanne},
 title = {100,000,000 Taps: Analysis and Improvement of Touch Performance in the Large},
 booktitle = {Proceedings of the 13th International Conference on Human Computer Interaction with Mobile Devices and Services},
 series = {MobileHCI '11},
 year = {2011},
 isbn = {978-1-4503-0541-9},
 location = {Stockholm, Sweden},
 pages = {133--142},
 numpages = {10},
 url = {http://doi.acm.org/10.1145/2037373.2037395},
 doi = {10.1145/2037373.2037395},
 acmid = {2037395},
 publisher = {ACM},
 address = {New York, NY, USA},
 keywords = {Android Market, app store, large-scale, mobile phone, public study, touch screen, user study},
} 

@inproceedings{Henze:2012,
 author = {Henze, Niels and Rukzio, Enrico and Boll, Susanne},
 title = {Observational and Experimental Investigation of Typing Behaviour Using Virtual Keyboards for Mobile Devices},
 booktitle = {Proceedings of the SIGCHI Conference on Human Factors in Computing Systems},
 series = {CHI '12},
 year = {2012},
 isbn = {978-1-4503-1015-4},
 location = {Austin, Texas, USA},
 pages = {2659--2668},
 numpages = {10},
 url = {http://doi.acm.org/10.1145/2207676.2208658},
 doi = {10.1145/2207676.2208658},
 acmid = {2208658},
 publisher = {ACM},
 address = {New York, NY, USA},
 keywords = {mobile phone, public study, touchscreen, virtual keyboard},
} 

@inproceedings{Oliveira:2011,
 author = {Oliveira, Jo\~{a}o and Guerreiro, Tiago and Nicolau, Hugo and Jorge, Joaquim and Gon\c{c}alves, Daniel},
 title = {Blind People and Mobile Touch-based Text-entry: Acknowledging the Need for Different Flavors},
 booktitle = {The Proceedings of the 13th International ACM SIGACCESS Conference on Computers and Accessibility},
 series = {ASSETS '11},
 year = {2011},
 isbn = {978-1-4503-0920-2},
 location = {Dundee, Scotland, UK},
 pages = {179--186},
 numpages = {8},
 url = {http://doi.acm.org.offcampus.lib.washington.edu/10.1145/2049536.2049569},
 doi = {10.1145/2049536.2049569},
 acmid = {2049569},
 publisher = {ACM},
 address = {New York, NY, USA},
 keywords = {blind, individual differences, mobile, text-entry, touch screens},
}

@inproceedings{Kane:2008,
 author = {Kane, Shaun K. and Bigham, Jeffrey P. and Wobbrock, Jacob O.},
 title = {Slide Rule: Making Mobile Touch Screens Accessible to Blind People Using Multi-touch Interaction Techniques},
 booktitle = {Proceedings of the 10th International ACM SIGACCESS Conference on Computers and Accessibility},
 series = {Assets '08},
 year = {2008},
 isbn = {978-1-59593-976-0},
 location = {Halifax, Nova Scotia, Canada},
 pages = {73--80},
 numpages = {8},
 url = {http://doi.acm.org/10.1145/1414471.1414487},
 doi = {10.1145/1414471.1414487},
 acmid = {1414487},
 publisher = {ACM},
 address = {New York, NY, USA},
 keywords = {accessibility, blindness, mobile devices, multi-touch interaction techniques, speech output, touch screens},
} 

@misc{VoiceOver:2014,
 author = {Apple{\ }Inc.},
 title = {{iPhone Accessibility}},
 howpublished = "\url{http://www.apple.com/accessibility/iphone/vision.html}",
 note = "Accessed on \today"
}

@misc{TalkBack:2014,
 author = {Google},
 title = {{Android Accessibility}},
 howpublished = "\url{http://developer.android.com/design/patterns/accessibility.html}",
 note = "Accessed on \today"
}